@article{Gould04,
	doi = {10.1086/382782},
	url = {https://doi.org/10.1086%2F382782},
	year = 2004,
	month = {may},
	publisher = {{IOP} Publishing},
	volume = {606},
	number = {1},
	pages = {319--325},
	author = {Andrew Gould},
	title = {Resolution of the {MACHO}-{LMC}-5 Puzzle: The Jerk-Parallax Microlens Degeneracy},
	journal = {The Astrophysical Journal}
}

@ARTICLE{Bramich18,
       author = {{Bramich}, D.~M.},
        title = "{Predicted microlensing events from analysis of Gaia Data Release 2}",
      journal = {\aap},
     keywords = {gravitational lensing: micro, methods: data analysis, catalogs, astrometry, stars: fundamental parameters, Astrophysics - Solar and Stellar Astrophysics, Astrophysics - Earth and Planetary Astrophysics, Astrophysics - Instrumentation and Methods for Astrophysics},
         year = "2018",
        month = "Oct",
       volume = {618},
          eid = {A44},
        pages = {A44},
          doi = {10.1051/0004-6361/201833505},
archivePrefix = {arXiv},
       eprint = {1805.10630},
 primaryClass = {astro-ph.SR},
       adsurl = {https://ui.adsabs.harvard.edu/abs/2018A&A...618A..44B},
      adsnote = {Provided by the SAO/NASA Astrophysics Data System}
}
